@article{jiang1997hold,
  title={Hold high the great banner of Deng Xiaoping theory for an all-round advancement of the cause of building socialism with Chinese characteristics intothe 21st century},
  author={Jiang, Zemin},
  journal={Beijing Review},
  volume={40},
  pages={10--33},
  year={1997},
  publisher={Proquest Academic Research Library}
}

@article{dincer2001energy,
  title={Energy, entropy and exergy concepts and their roles in thermal engineering},
  author={Dincer, Ibrahim and Cengel, Yunus A},
  journal={Entropy},
  volume={3},
  number={3},
  pages={116--149},
  year={2001},
  publisher={Molecular Diversity Preservation International}
}

@book{gibbs1906scientific,
  title={The scientific papers of J. Willard Gibbs},
  author={Gibbs, Josiah Willard},
  volume={1},
  year={1906},
  publisher={Longmans, Green and Company}
}

@book{borda2011fundamentals,
  title={Fundamentals in information theory and coding},
  author={Borda, Monica},
  year={2011},
  publisher={Springer Science \& Business Media}
}
@book{Cai1998,
  title={Dissipation Structure and the Change of Non-equilibrium State: Principle and Application},
  author={Shaohong Cai and Shizheng Peng},
  publisher={Guizhou Science and Technology Press},
  year={1998},
}

@article{bartholomew1971time,
  title={Time series analysis forecasting and control},
  author={Bartholomew, DJ},
  journal={Journal of the Operational Research Society},
  volume={22},
  number={2},
  pages={199--201},
  year={1971},
  publisher={Springer}
}

@misc{ wiki:xxx,
    author = "Wikipedia contributors",
    title = "Autoregressive integrated moving average --- Wikipedia{,} The Free Encyclopedia",
    year = "2017",
    url = "https://en.wikipedia.org/w/index.php?title=Autoregressive_integrated_moving_average&oldid=816103713",
    note = "[Online; accessed 12-February-2018]"
  }
  

@misc{ otext,
    author = "Otext",
    title = "Stationarity and differencing",
    year = "2017",
    url = "https://www.otexts.org/fpp/8/1",
    note = "[Online; accessed 12-February-2018]"
  }